@article{Godfrey2013,
	doi = {10.1088/0004-637x/767/1/12},
	author = {L. E. H. Godfrey and S. S. Shabala},
	title = {{AGN} {JET} {KINETIC} {POWER} {AND} {THE} {ENERGY} {BUDGET}
          {OF} {RADIO} {GALAXY} {LOBES}},
	journal = {The Astrophysical Journal},
	year = 2013
}
