@article{Dorch:2007,
author  = {Dorch, S. Bertil F.},
title   = {{M}agnetohydrodynamics},
year    = {2007},
journal = {Scholarpedia},
volume  = {2},
number  = {4},
doi     = {10.4249/scholarpedia.2295},
note    = {revision \#186287}
}


@article{Beck2007,
author  = {Beck, R.},
title   = {{G}alactic magnetic fields},
year    = {2007},
journal = {Scholarpedia},
volume  = {2},
number  = {8},
doi     = {10.4249/scholarpedia.2411},
note    = {revision \#185129}
}

@book{GalMagFields,
author  = {Klein, U. and Fletcher, A.},
title   = {Galactic and Intergalactic Magnetic Fields},
year    = {2015},
isbn    = {978-3-319-089942-3},
publisher = {Springer Praxis Books},
chapter = {3.3, 6.2, 6.3, 6.4}
}

@misc{Beck2014,
author  = {Beck, R.},
title   = {Magnetic fields in spiral galaxies Part I: Disks},
year    = {2014},
type    = {Presentation},
url     = {https://www.mpifr-bonn.mpg.de/1281929/Beck_Galaxies.pdf},
urldate = {2019-06-30},
note    = {DFG Research Unit 1254, Project A2}
}

%  vim: set ff=unix tw=79 sw=4 ts=4 et ic ai :
