@article{landau1945,
author = {Landau,L.},
title = {On the Vibrations of the Electronic Plasma},
journal = {Journal of Physics},
year = {1945}
}

@article{chust2006,
author = {Chust,T.  and Belmont,G. },
title = {Closure of fluid equations in collisionless magnetoplasmas},
journal = {Physics of Plasmas},
year = {2006}
}

@article{strang1968,
author = {Strang, G.},
title = {On the Construction and Comparison of Difference Schemes},
journal = {SIAM Journal on Numerical Analysis},
year = {1968}
}

@article{lautenbach2018,
author={Lautenbach, Simon and Grauer, Rainer},
title={Multiphysics Simulations of Collisionless Plasmas},
journal={Frontiers in Physics},
year={2018}
}

